% para subcategorias ver manual de biblatex 3.13.4, muy útil
    %author  = {Antônio Máximo Riberio da Luz \& Beatriz Alvarenga Álvares}
@book{alvarenga,
    author  = {Máximo, Antônio and Alvarenga, Beatriz},
    title   = {Física General con experimentos sencillos},
    publisher = {Oxford University Press},
    address = {México, D.F.},
    edition = {IV},
    month = {},
    year  = 2008,
    isbn  =  {978-970-613-147-8},
}

@article{DK,
  author  = {Dasfsfd and Knuth and lala},
  title	  = {lalalala},
  journal = {Otro más},
  volume  = 10,
  number  = 1,
  pages	= {343-334},
  month	= oct,
  year	= 1978,
}

@misc{ w:sr,
       author = {Wikipedia},
       title = {Sistema de referencia --- Wikipedia{,} La enciclopedia libre},
       year = {2020},
       url = {https://es.wikipedia.org/w/index.php?title=Sistema_de_referencia&oldid=124569576},
       note = {[Internet; descargado 30-marzo-2020]}
}

@misc{ wiki:coord-esf,
       author = "Wikipedia",
       title = "Coordenadas esféricas --- Wikipedia{,} La enciclopedia libre",
       year = "2020",
       url = "https://es.wikipedia.org/w/index.php?title=Coordenadas_esf%C3%A9ricas&oldid=125616556",
       note = "[Internet; descargado 9-junio-2020]"
}

@misc{ wiki:coord-cil,
       author = "Wikipedia",
       title = "Coordenadas cilíndricas --- Wikipedia{,} La enciclopedia libre",
       year = "2019",
       url = "https://es.wikipedia.org/w/index.php?title=Coordenadas_cil%C3%ADndricas&oldid=122082971",
       note = "[Internet; descargado 9-junio-2020]"
}

@misc{ wiki:ch-e,
       author = "Wikipedia",
       title = "Coordenadas horizontales --- Wikipedia{,} La enciclopedia libre",
       year = "2019",
       url = "https://es.wikipedia.org/w/index.php?title=Coordenadas_horizontales&oldid=117828850",
       note = "[Internet; descargado 17-junio-2020]"
}

@misc{ wiki:ch-i,
    author = "{Wikipedia contributors}",
    title = "Horizontal coordinate system --- {Wikipedia}{,} The Free Encyclopedia",
    year = "2020",
    url = "https://en.wikipedia.org/w/index.php?title=Horizontal_coordinate_system&oldid=953902446",
    note = "[Online; accessed 17-June-2020]"
}
